<record><leader>00000cas a22000007a 4500</leader><controlfield tag="001">20551713</controlfield><controlfield tag="008">891026c19819999coudr ne      0    0eng d</controlfield><datafield ind1=" " ind2=" " tag="010"><subfield code="a">sn 89052284 </subfield></datafield><datafield ind1=" " ind2=" " tag="040"><subfield code="a">CNQ</subfield><subfield code="b">eng</subfield><subfield code="c">CNQ</subfield><subfield code="d">OCLCQ</subfield><subfield code="d">SO$</subfield><subfield code="d">OCLCF</subfield><subfield code="d">OCLCO</subfield></datafield><datafield ind1=" " ind2=" " tag="042"><subfield code="a">msc</subfield></datafield><datafield ind1="0" ind2=" " tag="130"><subfield code="a">Daily times-call (Longmont, Colo. : 1981)</subfield></datafield><datafield ind1="1" ind2="0" tag="245"><subfield code="a">Daily times-call.</subfield></datafield><datafield ind1="1" ind2="7" tag="246"><subfield code="a">Longmont daily times-call</subfield></datafield><datafield ind1=" " ind2=" " tag="260"><subfield code="a">Longmont, Colo. :</subfield><subfield code="b">Times-Call Pub. Co.</subfield></datafield><datafield ind1=" " ind2=" " tag="300"><subfield code="a">v.</subfield></datafield><datafield ind1=" " ind2=" " tag="310"><subfield code="a">Daily,</subfield><subfield code="b">July 7, 1985-</subfield></datafield><datafield ind1=" " ind2=" " tag="321"><subfield code="a">Daily (except Sun.),</subfield><subfield code="b">Apr. 9, 1981-July 6, 1985</subfield></datafield><datafield ind1="0" ind2=" " tag="362"><subfield code="a">111th year, no. 85 (Apr. 9, 1981)-</subfield></datafield><datafield ind1=" " ind2=" " tag="530"><subfield code="a">Apr. 9, 1981-Dec. 31, 1982 available on microfilm from the Colorado Historical Society.</subfield></datafield><datafield ind1=" " ind2="0" tag="651"><subfield code="a">Longmont (Colo.)</subfield><subfield code="v">Newspapers.</subfield></datafield><datafield ind1=" " ind2="7" tag="655"><subfield code="a">Newspapers.</subfield><subfield code="2">fast</subfield><subfield code="0">(OCoLC)fst01423814</subfield></datafield><datafield ind1=" " ind2="7" tag="651"><subfield code="a">Colorado</subfield><subfield code="z">Longmont.</subfield><subfield code="2">fast</subfield><subfield code="0">(OCoLC)fst01216622</subfield></datafield><datafield ind1=" " ind2=" " tag="752"><subfield code="a">United States</subfield><subfield code="b">Colorado</subfield><subfield code="c">Boulder</subfield><subfield code="d">Longmont.</subfield></datafield><datafield ind1="0" ind2="0" tag="780"><subfield code="t">Longmont daily times-call (Longmont, Colo. : 1964)</subfield><subfield code="w">(DLC)sn 89052283</subfield></datafield></record>